<record><leader>00000cas a22000007a 4500</leader><controlfield tag="001">2259166</controlfield><controlfield tag="008">760620d19011906wvudr ne      0    0eng d</controlfield><controlfield tag="009">54</controlfield><datafield ind1=" " ind2=" " tag="010"><subfield code="a">sn 86092144 </subfield></datafield><datafield ind1=" " ind2=" " tag="040"><subfield code="a">PIT</subfield><subfield code="b">eng</subfield><subfield code="c">PIT</subfield><subfield code="d">WVC</subfield><subfield code="d">OCL</subfield></datafield><datafield ind1="1" ind2=" " tag="029"><subfield code="a">AU@</subfield><subfield code="b">000021635971</subfield></datafield><datafield ind1=" " ind2=" " tag="042"><subfield code="a">msc</subfield></datafield><datafield ind1="0" ind2=" " tag="130"><subfield code="a">Charleston daily mail (Charleston, W.Va. : 1901)</subfield></datafield><datafield ind1="0" ind2="0" tag="245"><subfield code="a">Charleston daily mail.</subfield></datafield><datafield ind1=" " ind2=" " tag="260"><subfield code="a">Charleston, W. Va. :</subfield><subfield code="b">The Charleston Mail Pub. Co.,</subfield><subfield code="c"> 1901-</subfield></datafield><datafield ind1="0" ind2=" " tag="362"><subfield code="a">Vol. 16, no. 112 (June 22, 1901)-</subfield></datafield><datafield ind1="1" ind2=" " tag="362"><subfield code="a">Ceased in 1906.</subfield></datafield><datafield ind1=" " ind2=" " tag="500"><subfield code="a">"Formerly Mail Tribune."</subfield></datafield><datafield ind1=" " ind2=" " tag="500"><subfield code="a">The Mail Publishing company was incorporated by E.C. Colcord, R.B. Cassady, J.E. Dana, N.S. Burlew and L.E. McWorter.</subfield></datafield><datafield ind1=" " ind2=" " tag="500"><subfield code="a">Editor: E.E. Hood.</subfield></datafield><datafield ind1=" " ind2=" " tag="752"><subfield code="a">United States</subfield><subfield code="b">West Virginia</subfield><subfield code="c">Kanawha</subfield><subfield code="d">Charleston.</subfield></datafield><datafield ind1="0" ind2=" " tag="775"><subfield code="t">Charleston weekly mail (Charleston, W.Va. : 1901)</subfield><subfield code="w">(DLC)sn 86092129</subfield></datafield><datafield ind1="0" ind2=" " tag="775"><subfield code="t">Charleston semi-weekly mail (1902)</subfield><subfield code="w">(DLC)sn 86092130</subfield></datafield><datafield ind1="0" ind2="0" tag="780"><subfield code="t">Mail tribune</subfield><subfield code="w">(DLC)sn 86092143</subfield></datafield><datafield ind1="0" ind2="0" tag="785"><subfield code="t">Charleston mail</subfield><subfield code="w">(DLC)sn 86092145</subfield></datafield></record>